<?xml version="1.0" encoding="UTF-8"?><collection xmlns="http://www.loc.gov/MARC21/slim"><record><leader>00357nam--2200133-i-4500</leader><controlfield tag="001">000000167</controlfield><controlfield tag="002">20161230</controlfield><controlfield tag="005">20161230201023</controlfield><controlfield tag="008">060222s1000------------r-----000-0-eng-d</controlfield><datafield ind1=" " ind2=" " tag="080"><subfield code="a">55:001.89:3</subfield></datafield><datafield ind1=" " ind2=" " tag="100"><subfield code="a">Friedlander, Michael W</subfield></datafield><datafield ind1=" " ind2=" " tag="245"><subfield code="a">The conduct of science</subfield></datafield><datafield ind1=" " ind2=" " tag="260"><subfield code="a">Englewood Cliffs, New Jersey, Prentice-hall, Inc.   Xiv + 156 P</subfield></datafield><datafield ind1=" " ind2=" " tag="852"><subfield code="a">37133</subfield></datafield></record></collection>